@article{1,
    author  = "Symeonidis, Symeon",
    title   = {5 Things You Need to Know about Sentiment Analysis and Classification},
    year    = "2022",
    journal = "KDnuggets",
    url = {"https://www.kdnuggets.com/2018/03/5-things-sentiment-analysis-classification.html”},
},

@book{2,
    author  = {Christopher D. Manning, Prabhakar Raghavan and Hinrich Schütze"},
    title   = {"Introduction to Information Retrieval"},
    url = {https://nlp.stanford.edu/IR-book/html/htmledition/stemming-and-lemmatization-1.html},
    journal={Cambridge University Press},
    chapter = "Stemming and lemmatization",
    year=2008,
},

@article{3,
    author = {Sudha Verma, Sarah Vieweg, William Corvey, Leysia Palen, James H. Martin, Martha Palmer, Aaron Schram, Kenneth M. Anderson},
    title = {View of natural language processing to the rescue? extracting “situational awareness” tweets during mass emergency 2022},
     url = {https://ojs.aaai.org/index.php/ICWSM/article/view/14119/13968},
     journal= {Aaai.org}, 
     year=2022
}, 

@article{4,
    title={Sentiment analysis algorithms and applications: A survey},
    volume={5}, 
    url={https://www.sciencedirect.com/science/article/pii/S2090447914000550}, 
    DOI={10.1016/j.asej.2014.04.011}, 
    number={4}, 
    journal={Ain Shams Engineering Journal}, 
    author={Medhat, Walaa and Hassan, Ahmed and Korashy, Hoda}, 
    year={2014}, 
    month={Dec}, 
    pages={1093–1113} 
}, 

@article{5, 
    title={Sentiment analysis algorithms and applications: A survey},
    volume={5}, 
    url={https://www.sciencedirect.com/science/article/pii/S2090447914000550}, 
    DOI={10.1016/j.asej.2014.04.011}, 
    number={4}, 
    journal={Ain Shams Engineering Journal}, 
    author={Medhat, Walaa and Hassan, Ahmed and Korashy, Hoda}, 
    year={2014}, 
    month={Dec}, 
    pages={1093–1113} 
}, 

@article{6, 
    title={NLP analysis in social media using big data technologies},
    volume={19}, 
    url={http://journal.uad.ac.id/index.php/TELKOMNIKA/article/view/19339/10941}, 
    number={6}, 
    journal={TELKOMNIKA (Telecommunication Computing Electronics and Control)}, 
    author={Abu-Alsaad, Hiba A and Riad, Rana}, 
    year={2022}, 
    pages={1840–1846},
},

@misc{7, 
    title = {"Natural Language Processing with Python"},
    author = {"Steven Bird", "Ewan Klein" and "Edward Loper"},
    chapter = 5, 
    url={https://www.nltk.org/book/ch05.html}, 
    journal={Nltk.org}, 
    year={2019},
},

@misc{8, 
    title={Learn Python for Data Science, Structures, Algorithms, Interviews}, 
    url={https://www.udemy.com/course/python-for-data-science-and-machine-learning-bootcamp/learn/lecture/5733580#questions/2654342},
    journal={Udemy}, 
    publisher={Udemy}, 
    author={Jose Portilla}, 
    year={2014} 
}, 

@misc{9, 
    title = {Natural Language Processing with Disaster Tweets},
    author = {Kaggle},
    url={https://www.kaggle.com/competitions/nlp-getting-started/overview},
    journal={Kaggle.com}, 
    year={2019}, 
},


@article{10,
    author  = "George D. Greenwade",
    title={Text Mining: Use of TF-IDF to Examine the Relevance of Words to Documents}, 
    url= {https://www.researchgate.net/publication/326425709_Text_Mining_Use_of_TF-IDF_to_Examine_the_Relevance_of_Words_to_Documents} ,
    year= {2018},
    journal={ResearchGate},
    publisher={Foundation of Computer Science}, author={Shahzad Qaiser and Ali, Ramsha},
    month={Jul},
},

@misc{11,
    author = {Mimi Dutta},
    year=2021, 
    title = "Bag-of-words vs TFIDF vectorization- A Hands on Tutorial",
    url={https://www.analyticsvidhya.com/blog/2021/07/bag-of-words-vs-tfidf-vectorization-a-hands-on-tutorial/}, 
    journal={Analytics Vidhya}, 
    addendum = "(accessed: 05.06.2022)",
    month={Jul},
},

@article{12,
    author = {"Abu-Alsaad, H.A., & AL-Taie, R.R.K."},
    year = 2021,
    title = {"NLP analysis in social media using big data technologies. Telkomnika"},
    edition = {"19(6)”},
    publication = {"1840–1846”},
    url = {https://doi.org/10.12928/TELKOMNIKA.v19i6.19339},
}


%@misc{wikipedia, title={Natural language processing}, url={https://en.wikipedia.org/wiki/Natural_language_processing}, journal={Wikipedia}, publisher={Wikimedia Foundation}, author={Wikipedia Contributors}, year={2022}, month=Apr },

%\paragraph{Additional sources} Other effects of foo on bar are surveyed in \cite{Source123}. An alternative conception of the frobnication of bars to the one presented here can be found in  \cite{Source456}.